<?xml version="1.0" encoding="UTF-8"?><collection xmlns="http://www.loc.gov/MARC21/slim"><record><leader>00742nam--2200205-i-4500</leader><controlfield tag="001">000049643</controlfield><controlfield tag="002">20161230</controlfield><controlfield tag="005">20161230201047</controlfield><controlfield tag="008">060222s1000------------r-----000-0-eng-d</controlfield><datafield ind1=" " ind2=" " tag="020"><subfield code="a">8304009269</subfield></datafield><datafield ind1=" " ind2=" " tag="040"><subfield code="a">IFIN-HH</subfield></datafield><datafield ind1=" " ind2=" " tag="080"><subfield code="a">537.222.22:621.315.59(061.3)</subfield></datafield><datafield ind1="1" ind2=" " tag="100"><subfield code="a">Kaczkowski,Zbigniew</subfield></datafield><datafield ind1="1" ind2="0" tag="245"><subfield code="a">Physics of magnetic materials</subfield><subfield code="b">Proceedings of the i international conference on physics of magnetic materials, jaszowiec, april 12-20, 1980 vol. 1</subfield><subfield code="c">Zbigniew kaczkowski, henryk k. lachowicz (eds.)</subfield></datafield><datafield ind1=" " ind2=" " tag="260"><subfield code="a">Warszawa</subfield><subfield code="b">Polish Academy Of Sciences</subfield><subfield code="c">1980</subfield></datafield><datafield ind1=" " ind2=" " tag="300"><subfield code="a">310P</subfield></datafield><datafield ind1=" " ind2=" " tag="490"><subfield code="a">Proceedings Of Conferences In Physics</subfield><subfield code="v">Vol. 1</subfield></datafield><datafield ind1="1" ind2=" " tag="700"><subfield code="a">Lachowicz, Henryk K</subfield><subfield code="e">Ed</subfield></datafield><datafield ind1=" " ind2=" " tag="852"><subfield code="a">49865</subfield><subfield code="c">539.2</subfield></datafield><datafield ind1=" " ind2=" " tag="CAT"><subfield code="a">Sys</subfield><subfield code="c">20121102</subfield><subfield code="h">144716</subfield></datafield></record></collection>